%%%%%%%%%%%%%%%%%%%%%%%%%%%%%%%%%%%%%%%%%%%%%%%%%%%%%%%%%%%%%%%%%%%%%%%%%%%%
%% Organization       ICGST LaTeX Template 
%% 
%% Subject            BibTex References
%% Title              General
%%%%%%%%%%%%%%%%%%%%%%%%%%%%%%%%%%%%%%%%%%%%%%%%%%%%%%%%%%%%%%%%%%%%%%%%%%%%


%%%%%%%%%%%%%%%%%%%%%%%%%%%%%%%%%%%%%%%%%%%%%%%%%%%%%%%%%%%%%%%%%%%%%%%%%%%%
%%%  Konferenz _ Template

% INPROCEEDINGS_Muster
@INPROCEEDINGS{,
  AUTHOR =       {},
  TITLE =        {},
  BOOKTITLE =    {},
  Pages =        {},
  Address =      {},
  YEAR =         {},
  Month =        {}
}



@INPROCEEDINGS{Buauthor_98,
  AUTHOR        = {A. Abauthor and A. B. Cauthor and D. Fauthor and D. H{\"a}uthor and G. Lauthor and D. Sauthor},
  YEAR          = {1998},
  TITLE         = {{The Title}},
  BOOKTITLE     = {proceedings of the CCCC 13$^{th}$ Inational Conference on This Subject}
}

%%%%%%%%%%%%%%%%%%%%%%%%%%%%%%%%%%%%%%%%%%%%%%%%%%%%%%%%%%
%%%  JOURNALS_Template
%

@ARTICLE{,
  AUTHOR =       {},
  TITLE =        {},
  JOURNAL =      {},
  YEAR =         {},
  VOLUME =       {},
  NUMBER =       {},
  PAGES =        {}
}


@ARTICLE{Jauthor_001,
  AUTHOR =       {C. F. Bauthor and  J. Y.  Lmauthor and C. T. Lauthor},
  TITLE =        {{Journal Paper Title}},
  JOURNAL =      {ABCD Transactions on Subject},
  YEAR =         {2000},
  VOLUME =       {30},
  NUMBER =       {2},
  PAGES =        {290--301}
}





%%%%%%%%%%%%%%%%%%%%%%%%%%%%%%%%%%%%%%%%%%%%%%%%%%%%%%%%%%%%%%%%%%%%%%%%%%%%
%%%  Book_Template

%
@BOOK{,
  AUTHOR =        {},
  TITLE =         {},
  PUBLISHER =     {},
  YEAR =          {}
}

@Book           {Sauthor_011,
AUTHOR=         {D. Dcauthor and A. Sauthor},
TITLE=          {{Book Title}},
PUBLISHER=      {Publisher},
YEAR=           {2001}
}




%%%%%%%%%%%%%%%%%%%%%%%%%%%%%%%%%%%%%%%%%%%%%%%%%%%%%%%%%%%%%%%%%%%%%%%%%%%%
%%%  Ph.D. Dissertation Template
%
@PHDTHESIS{,
  AUTHOR =        {},
  SCHOOL =        {},
  TITLE =         {},
  PUBLISHER =     {},
  ISBN =          {},
  ADDRESS =       {},
  YEAR =          {},
  MONTH =         {}
}

%
@PHDTHESIS{Rauthor_901,
  AUTHOR =        {E. Rauthor},
  SCHOOL =        {ABCD University},
  TITLE =         {{PhD Thesis Title}},
  YEAR =          {1990}
}





%%%%%%%%%%%%%%%%%%%%%%%%%%%%%%%%%%%%%%%%%%%%%%%%%%%%%%%%%%%%%%%%%%%%%%%%%%%%
%%%  INBOOK_Template

%
@INBOOK{,
  AUTHOR =        {},
  CHAPTER =       {},
  TITLE =         {},
  PUBLISHER =     {},
  YEAR =          {}
}


@INBOOK{Sauthor_021,
  AUTHOR =        {A. Sauthor and H. A. Mauthor},
  CHAPTER =       {{In: Bauthor, Geauthor, Mauthor, Ulauthor (Eds.) ABC 2000}},
  TITLE =         {{Paper Title}},
  PUBLISHER =     {Publisher},
  YEAR =          {2002}
}



%%%%%%%%%%%%%%%%%%%%%%%%%%%%%%%%%%%%%%%%%%%%%%%%%%%%%%%%%%%%%%%%%%%%%%%%%%%%%%%%
%% Technical Report Template
%
@TECHREPORT{,
  AUTHOR =       {},
  TITLE =        {},
  INSTITUTION =  {},
  YEAR =         {},
  MONTH =        {},
  NUMBER =       {},
  ADDRESS =      {}
}

@TECHREPORT{Abauthor_2003_13,
  AUTHOR =       {A. Aaauthor},
  TITLE =        {{Technical Report Title}},
  INSTITUTION =  {ABC Faculty, XYZ University},
  YEAR =         {2003},
  MONTH =        {November},
  NUMBER =       {ABC-2000-99},
  ADDRESS =      {I city, S State, C Country}
}



%%%%%%%%%%%%%%%%%%%%%%%%%%%%%%%%%%%%%%%%%%%%%%%%%%%%%%%%%%%%%%%%%%%%%%%%%%%%%%%%%%%%%%%%%%
%%%%  IN COLLECTION  Template
%
@INCOLLECTION{,
  AUTHOR        = {},
  YEAR          = {},
  TITLE         = {},
  BOOKTITLE     = {},
  EDITOR        = {},
  ADDRESS       = {}, 
  PAGES         = {},  
  PUBLISHER     = {}
}


@INCOLLECTION{Boauthor_971,
  AUTHOR        = {A. Baauthor},
  YEAR          = {1997},
  TITLE         = {{In Collection Paper Title}},
  BOOKTITLE     = {Paper Title},
  EDITOR        = {W. Editor},
  ADDRESS       = {City, State, Country},
  PAGES         = {265 -- 284},  
  PUBLISHER     = {ABCDEF Academic Press}
}



%%%%%%%%%%%%%%%%%%%%%%%%%%%%%%%%%%%%%%%%%%%%%%%%%%%%%%%%%%%%%%%%%%%%%%%%%%%%%%%%%%%%%%%%%%
%%%% Misc. Template

@MISC{,
  AUTHOR        = {},
  TITLE         = {},
  TEXT          = {},
  HOWPUBLISHED  = {}, 
  YEAR          = {},
  MONTH         = {}
}






@MISC{kauthor_2002,
  AUTHOR        = {E. Kauthor and S. Lauthor and W. Chauthor},
  TITLE         = {{Misc Title}},
  TEXT          = {Any Text}, 
  YEAR          = {2002}
}

