@misc{report,
title={Landmine Monitor Report 2009: Toward a Mine-Free World}
}
@article{Ho2002,
author = { K. Ho and Gader, P.D.},

journal = {IEEE Transactions on Geoscience and Remote Sensing},
month = {jun},
number = {6},
pages = { 1374-–1385},
title = {{A linear prediction land mine detection algorithm for hand held ground penetrating radar}},
volume = {40},
year = {2002}
}
@article{Potin2006,
author = { D. Potin and  E. Duflos and P. Vanheeghe.},

journal = {IEEE Transactions on Geoscience and Remote Sensing},
month = {sep},
number = {9},
pages = {  2393–2406},
title = {{Landmines ground-penetrating radar signal enhancement by digital filtering}},
volume = {44},
year = {2006}
}


@article{Savelyev2007,
author = {T. Savelyev and L. Van Kempen and  H. Sahli and  J. Sachs  and M. Sato  .},

journal = {IEEE Transactions on Geoscience and Remote Sensing},
month = { Jan. },
number = {1 },
pages = {  118–129 },
title = {{Investigation of time frequency features for GPR landmine discrimination }},
volume = {45 },
year = { 2007}
}
@article{Collins1999,
author = { L. Collins and P. Gao and L. Carin },

journal = {IEEE Transactions on Geoscience and Remote Sensing},
month = {  Mar. },
number = { 2},
pages = {  811-–819 },
title = {{ An improved Bayesian decision theoretic approach for land mine detection}},
volume = { 37},
year = {1999 }
}
@article{Ng2008,
author = {  W. Ng and  T. Chan and  H. So and K. Ho },

journal = {IEEE Transactions on Geoscience and Remote Sensing},
month = {Nov.  },
number = {11 },
pages = {  3739-–3755 },
title = {{Particle filtering based approach for landmine detection using ground penetrating radar }},
volume = { 46},
year = {2008 }
}

@article{Frigui2010 ,
author = {H. Frigui and L. Zhang and P. D. Gader },

journal = {IEEE Transactions on Geoscience and Remote Sensing},
month = {Jun. },
number = { 6},
pages = {  2528–-2543 },
title = {{ Context-dependent multisensor fusion and its application to land mine detection}},
volume = {48 },
year = {2010  }
}
@article{Frigui2009,
author = {  H. Frigui and P. Gader},
journal = {IEEE Transactions on Fuzzy systems},
month = { },
number = {1 },
pages = { 185–-199 },
title = {{ Detection and discrimination of landmines in ground-penetrating radar based on edge histogram descriptors and a pos-sibilistic K-nearest neighbor classifier}},
volume = {17 },
year = {2009}
}
@article{Ho2008,
author = {  K. C. Ho and  L. Carin and P. D. Gader and J. N. Wilson},

journal = {IEEE Transactions on Geoscience and Remote Sensing},
month = {Apr},
number = {4},
pages = { 1177–-1191},
title = {{On using the spectral features from ground penetrating radar for landmine/clutter discrimina-tion}},
volume = {46},
year = {2008}
}